@book{paolucci1982filtering,
title={Filtering of sound from the {Navier-Stokes} equations},
author={Paolucci, S.},
year={1982},
publisher={Sandia National Laboratories Livermore, CA, USA}
}


@book{hirschfelder1954molecular,
title={Molecular theory of gases and liquids},
author={Hirschfelder, J.~O. and Curtiss, C.~F. and Bird, R.~B. and Mayer, M.~G.},
volume={26},
year={1954},
publisher={Wiley New York}
}

@article{mathur1967thermal,
title={Thermal conductivity of binary, ternary and quaternary mixtures of rare gases},
author={Mathur, S. and Tondon, P.~K. and Saxena, S.~C.},
journal={Molecular Physics},
volume={12},
number={6},
pages={569--579},
year={1967},
}

@article{wilke1950viscosity,
title={A viscosity equation for gas mixtures},
author={Wilke, C.~R.},
journal={The Journal of Chemical Physics},
volume={18},
number={4},
pages={517--519},
year={1950},
}


@article{nonaka2018conservative,
title={A conservative, thermodynamically consistent numerical approach for low Mach number combustion. Part I: {S}ingle-level integration},
author={Nonaka, A. and Day, M. S. and Bell, J. B.},
journal={Combustion Theory and Modelling},
volume={22},
number={1},
pages={156--184},
year={2018},
publisher={Taylor \& Francis}
}


@misc{pelelm,
author = "LBNL Center for Computational Sciences and Engineering",
title="PeleLM: An adaptive mesh hydrodynamics simulation code for
low Mach number reacting flows",
year = 2018,
note = "Version 1.0.0",
howpublished = "\href{https://amrex-combustion.github.io/PeleLM/}
              {https://amrex-combustion.github.io/PeleLM/}",
}

@article{day2000numerical,
title={Numerical simulation of laminar reacting flows with complex chemistry},
author={Day, M. S. and Bell, J. B.},
journal={Combustion Theory and Modelling},
volume={4},
number={4},
pages={535--556},
year={2000},
publisher={Taylor \& Francis}
}

@article{nonaka2012deferred,
title={A deferred correction coupling strategy for low Mach number flow with complex chemistry},
author={Nonaka, A. and Bell, J. B. and Day, M. S. and Gilet, C. and Almgren, A. S. and Minion, M. L.},
journal={Combustion Theory and Modelling},
volume={16},
number={6},
pages={1053--1088},
year={2012},
publisher={Taylor \& Francis}
}
@article{pazner2016high,
title={A high-order spectral deferred correction strategy for low Mach number flow with complex chemistry},
author={Pazner, W. E. and Nonaka, A. and Bell, J. B. and Day, M. S. and Minion, M. L.},
journal={Combustion Theory and Modelling},
volume={20},
number={3},
pages={521--547},
year={2016},
publisher={Taylor \& Francis}
}
@article{dutt2000spectral,
title={Spectral deferred correction methods for ordinary differential equations},
author={Dutt, A. and Greengard, L. and Rokhlin, V.},
journal={BIT Numerical Mathematics},
volume={40},
number={2},
pages={241--266},
year={2000},
publisher={Springer}
}

@article{pember1998adaptive,
title={An adaptive projection method for unsteady, low-Mach number combustion},
author={Pember, R. B. and Howell, L. H. and Bell, J. B. and Colella, P. and Crutchfield, W. Y. and Fiveland, W.A. and Jessee, J. P.},
journal={Combustion Science and Technology},
volume={140},
number={1-6},
pages={123--168},
year={1998},
publisher={Taylor \& Francis}
}

@article{almgren1998conservative,
title={A conservative adaptive projection method for the variable density incompressible {Navier--Stokes} equations},
author={Almgren, A. S. and Bell, J. B. and Colella, P. and Howell, L. H. and Welcome, M. L.},
journal={Journal of computational Physics},
volume={142},
number={1},
pages={1--46},
year={1998},
publisher={Elsevier}
}

@article{zhang2019amrex,
title={AMReX: a framework for block-structured adaptive mesh refinement},
author={Zhang, W. and Almgren, A. and Beckner, V. and Bell, J. and Blaschke, J. and Chan, C. and Day, M. and Friesen, B. and Gott, K. and Graves, D. and others},
journal={Journal of Open Source Software},
volume={4},
number={37},
pages={1370--1370},
year={2019}
}

@misc{cantera,
author = "David G. Goodwin and Raymond L. Speth and Harry K. Moffat
  and Bryan W. Weber",
title = "Cantera: An Object-oriented Software Toolkit for Chemical
 Kinetics, Thermodynamics, and Transport Processes",
year = 2018,
note = "Version 2.4.0",
howpublished = "\url{https://www.cantera.org}",
doi = {10.5281/zenodo.1174508}
}

@article{aspden2011turbulence,
title={Turbulence--flame interactions in lean premixed hydrogen: transition to the distributed burning regime},
author={Aspden, A. J. and Day, M. S. and Bell, J. B.},
journal={Journal of Fluid mechanics},
volume={680},
pages={287--320},
year={2011},
publisher={Cambridge University Press}
}


@article{aspden2009analysis,
title={Analysis of implicit {LES} methods},
author={Aspden, A. and Nikiforakis, N. and Dalziel, S. and Bell, J. B.},
journal={Communications in Applied Mathematics and Computational Science},
volume={3},
number={1},
pages={103--126},
year={2009},
publisher={Mathematical Sciences Publishers}
}

@article{aspden2015turbulence,
title={Turbulence-chemistry interaction in lean premixed hydrogen combustion},
author={Aspden, A. J. and Day, M. S. and Bell, J. B.},
journal={Proceedings of the Combustion Institute},
volume={35},
number={2},
pages={1321--1329},
year={2015},
publisher={Elsevier}
}

@article{aspden2018towards,
title={Towards the distributed burning regime in turbulent premixed flames},
author={Aspden, A. J. and Day, M. S. and Bell, J. B.},
journal={arXiv preprint arXiv:1806.09865},
year={2018}
}

@article{aspden2016three,
title={Three-dimensional direct numerical simulation of turbulent lean premixed methane combustion with detailed kinetics},
author={Aspden, A. J. and Day, M. S. and Bell, J. B.},
journal={Combustion and Flame},
volume={166},
pages={266--283},
year={2016},
publisher={Elsevier}
}

@article{aspden2017turbulence,
title={Turbulence--flame interactions in lean premixed dodecane flames},
author={Aspden, A. J. and Bell, J. B. and Day, M. S. and Egolfopoulos, F. N.},
journal={Proceedings of the Combustion Institute},
volume={36},
number={2},
pages={2005--2016},
year={2017},
publisher={Elsevier}
}

@article{kee1990chemkin,
title={The Chemkin thermodynamic data base},
author={Kee, R. J. and Rupley, F. M. and Miller, J. A.},
journal={ctdb},
year={1990}
}

@article{ern2004eglib,
title={Eglib: A general-purpose fortran library for multicomponent transport property evaluation},
author={Ern, A. and Giovangigli, V.},
journal={Manual of EGlib version},
volume={3},
pages={12},
year={2004}
}

@book{smooke1991reduced,
title={Reduced kinetic mechanisms and asymptotic approximations for methane-air flames: a topical volume},
author={Smooke, M. D.},
year={1991},
publisher={Springer}
}


@article{passot1987numerical,
title={Numerical simulation of compressible homogeneous flows in the turbulent regime},
author={Passot, T. and Pouquet, A.},
journal={Journal of Fluid Mechanics},
volume={181},
pages={441--466},
year={1987},
publisher={Cambridge University Press}
}

@article{bell2007active,
title={Active control for statistically stationary turbulent premixed flame simulations},
author={Bell, J. B. and Day, M. and Grcar, J. and Lijewski, M.},
journal={Communications in Applied Mathematics and Computational Science},
volume={1},
number={1},
pages={29--51},
year={2007},
publisher={Mathematical Sciences Publishers}
}

@inproceedings{hassanaly2015influence,
title={Influence of Fuel Stratification on Turbulent Flame Propagation},
author={Hassanaly, M. and Raman, V. and Koo, H. and Colket, M. B.},
booktitle={53rd AIAA Aerospace Sciences Meeting},
pages={0426},
year={2015}
}


@article{hamlington2011interactions,
title={Interactions between turbulence and flames in premixed reacting flows},
author={Hamlington, P. E. and Poludnenko, A. Y. and Oran, E. S.},
journal={Physics of Fluids},
volume={23},
number={12},
pages={125111},
year={2011},
publisher={American Institute of Physics}
}

@article{wacks2016flow,
title={Flow topologies in different regimes of premixed turbulent combustion: {A} direct numerical simulation analysis},
author={Wacks, D. H. and Chakraborty, N. and Klein, M. and Arias, P. G. and Im, H. G.},
journal={Physical Review Fluids},
volume={1},
number={8},
pages={083401},
year={2016},
publisher={APS}
}

@article{zhao2018dynamics,
title={Dynamics and kinematics of the reactive scalar gradient in weakly turbulent premixed flames},
author={Zhao, S. and Er-Raiy, A. and Bouali, Z. and Mura, A.},
journal={Combustion and Flame},
volume={198},
pages={436--454},
year={2018},
publisher={Elsevier}
}


@article{ashurst1987alignment,
title={Alignment of vorticity and scalar gradient with strain rate in simulated {Navier--Stokes} turbulence},
author={Ashurst, Wm. T. and Kerstein, A. R. and Kerr, R. M. and Gibson, C. H.},
journal={The Physics of fluids},
volume={30},
number={8},
pages={2343--2353},
year={1987},
publisher={American Institute of Physics}
}

@article{rutland1993direct,
title={Direct simulations of premixed turbulent flames with nonunity {L}ewis numbers},
author={Rutland, C. J. and Trouv{\'e}, A.},
journal={Combustion and Flame},
volume={94},
number={1-2},
pages={41--57},
year={1993},
publisher={Elsevier}
}

@article{kim2007scalar,
title={Scalar gradient and small-scale structure in turbulent premixed combustion},
author={Kim, S. H. and Pitsch, H.},
journal={Physics of Fluids},
volume={19},
number={11},
pages={115104},
year={2007},
publisher={American Institute of Physics}
}

@article{chakraborty2007influence,
title={Influence of the Damk{\"o}hler number on turbulence-scalar interaction in premixed flames. I. Physical insight},
author={Chakraborty, N. and Swaminathan, N.},
journal={Physics of Fluids},
volume={19},
number={4},
pages={045103},
year={2007},
publisher={American Institute of Physics}
}

@article{hartung2008effect,
title={Effect of heat release on turbulence and scalar-turbulence interaction in premixed combustion},
author={Hartung, G. and Hult, J. and Kaminski, C. F. and Rogerson, J. W. and Swaminathan, N.},
journal={Physics of Fluids},
volume={20},
number={3},
pages={035110},
year={2008},
publisher={American Institute of Physics}
}

@article{swaminathan2006interaction,
title={Interaction of turbulence and scalar fields in premixed flames},
author={Swaminathan, N. and Grout, R. W.},
journal={Physics of Fluids},
volume={18},
number={4},
pages={045102},
year={2006},
publisher={American Institute of Physics}
}


@article{cifuentes2014local,
title={Local flow topologies and scalar structures in a turbulent premixed flame},
author={Cifuentes, L. and Dopazo, C. and Martin, J. and Jimenez, C.},
journal={Physics of Fluids},
volume={26},
number={6},
pages={065108},
year={2014},
publisher={American Institute of Physics}
}

@article{chakraborty2007comparison,
title={Comparison of displacement speed statistics of turbulent premixed flames in the regimes representing combustion in corrugated flamelets and thin reaction zones},
author={Chakraborty, N.},
journal={Physics of Fluids},
volume={19},
number={10},
pages={105109},
year={2007},
publisher={American Institute of Physics}
}

@article{kolavr2007vortex,
title={Vortex identification: New requirements and limitations},
author={Kol{\'a}{\v{r}}, V.},
journal={International journal of heat and fluid flow},
volume={28},
number={4},
pages={638--652},
year={2007},
publisher={Elsevier}
}

@article{gao2019rortex,
title={Rortex based velocity gradient tensor decomposition},
author={Gao, Y. and Liu, C.},
journal={Physics of Fluids},
volume={31},
number={1},
pages={011704},
year={2019},
publisher={AIP Publishing LLC}
}

@article{nagata2020triple,
title={Triple decomposition of velocity gradient tensor in homogeneous isotropic turbulence},
author={Nagata, R. and Watanabe, T. and Nagata, K. and da Silva, C. B.},
journal={Computers \& Fluids},
volume={198},
pages={104389},
year={2020},
publisher={Elsevier}
}

@article{keylock2018schur,
title={The Schur decomposition of the velocity gradient tensor for turbulent flows},
author={Keylock, C. J.},
journal={Journal of Fluid Mechanics},
volume={848},
pages={876--905},
year={2018},
publisher={Cambridge University Press}
}